@article{Marzougui,
  author = {F. Marzougui and M. Elleuch and M. Kherallah},
  year = {2020},
  month = {},
  pages = {1-6},
  title = {A Deep CNN Approach for Plant Disease Detection},
  volume = {},
  journal = {2020 21st International Arab Conference on Information Technology (ACIT)},
  doi = {10.1109/ACIT50332.2020.9300072}
}

@article{NishantShelar,
  author = {Nishant Shelar and Suraj Shinde and Shubham Sawant and Shreyash Dhumal and Kausar Fakir},
  year = {2022},
  month = {}, 
  pages = {},  
  title = {Plant Disease Detection Using CNN},
  volume = {}, 
  journal = {Department of Electronics and Telecommunication, Ramrao Adik Institute of Technology, Navi Mumbai, India},
  doi = {} 
}

@article{Shi,
  author = {T. Shi and Y. Liu and X. Zheng and altri},
  year = {2023},
  month = {},
  pages = {2336},
  title = {Recent advances in plant disease severity assessment using convolutional neural networks},
  volume = {13},
  journal = {Sci Rep},
  doi = {10.1038/s41598-023-29230-7}
}

@article{Hassan,
  author = {S.M. Hassan and A.K. Maji and M. Jasi `nski and Z. Leonowicz and E. Jasi `nska},
  year = {2021},
  month = {},
  pages = {1388},
  title = {Identification of Plant-Leaf Diseases Using CNN and Transfer-Learning Approach},
  volume = {10},
  journal = {Electronics},
  doi = {10.3390/electronics10121388}
}
